@article{kline1967,
 title={The structure of turbulent boundary layers}, volume={30}, DOI={10.1017/S0022112067001740}, number={4}, journal={Journal of Fluid Mechanics}, publisher={Cambridge University Press}, author={Kline, S. J. and Reynolds, W. C. and Schraub, F. A. and Runstadler, P. W.}, year={1967}, pages={741-773}}

 @article{Purtell1981,
author = {L. P. Purtell and P. S. Klebanoff and F.T. Buckley},
title = {Turbulent boundary layer at low Reynolds number},
journal = {The Physics of Fluids},
volume = {24},
number = {5},
pages = {802-811},
year = {1981},
doi = {10.1063/1.863452},

URL = { 
        http://aip.scitation.org/doi/abs/10.1063/1.863452
},
eprint = { 
        http://aip.scitation.org/doi/pdf/10.1063/1.863452    
}
}

@article{EugeneThesis2006,
author = {De Villiers, Eugene},
year = {2006},
month = {01},
pages = {},
title = {The Potential of Large Eddy Simulation for the Modeling of Wall Bounded Flows Eugene de Villiers},
booktitle = {Cycle}
}

@article{Fukushima2002,
author = {Fukushima, Naoya and Fukagata, Koji and Kasagi, Nobuhide and Noguchi, Hironori and Tanimoto, Koichi},
year = {2002},
month = {04},
pages = {},
title = {Numerical and experimental study on turbulent thermal mixing in a T-junction flow}
}

@article{Georgiou2017,
author = {Michail Georgiou and Miltiadis V. Papalexandris},
title = {Numerical study of turbulent flow in a rectangular T-junction},
journal = {Physics of Fluids},
volume = {29},
number = {6},
pages = {065106},
year = {2017},
doi = {10.1063/1.4986430},

URL = { 
        https://doi.org/10.1063/1.4986430
    
},
eprint = { 
        https://doi.org/10.1063/1.4986430
    
}

}

@article{Toonder1997,
author = {J. M. J. den Toonder and F. T. M. Nieuwstadt},
title = {Reynolds number effects in a turbulent pipe flow for low to moderate Re},
journal = {Physics of Fluids},
volume = {9},
number = {11},
pages = {3398-3409},
year = {1997},
doi = {10.1063/1.869451},
URL = { 
        https://doi.org/10.1063/1.869451
},
eprint = { 
        https://doi.org/10.1063/1.869451   
}
}

@phdthesis{Eggels1994,
title = {Direct and Large Eddy Simulation of Turbulent Flow in a Cylindrical Pipe Geometry}, 
author = {J.G.M, Eggels},
year = {1994},
}

@article{KJM1987,
    author = {Kim, J. and Moin, P. and Moser, R. D.},
    citeulike-article-id = {498337},
    journal = {Journal of Fluid Mechanics},
    keywords = {bibtex-import},
    pages = {133--166},
    posted-at = {2006-02-08 08:11:47},
    priority = {0},
    title = {{Turbulence statistics in fully developed channel flow at low Reynolds number}},
    volume = {177},
    year = {1987}
}

@PHDTHESIS{Roussel2016,
url = "http://www.theses.fr/2016ENAM0025",
title = "Modelisation et simulation de l'interaction onde de choc/couche limite turbulente en écoulement interne avec effets de coins",
author = "Roussel, Corentin",
year = "2016",
note = "Thèse de doctorat dirigée par Grasso, Francesco et Alizard, Frédéric Mécanique-matériaux Paris, ENSAM 2016",
note = "2016ENAM0025",
url = "http://www.theses.fr/2016ENAM0025/document",
}

@PHDTHESIS{huang2015,
url = "http://www.theses.fr/2015ECDL0049",
title = "Numerical simulation of solid particle transport in atmospheric boundary-layer over obstacles",
author = "Huang, Gang",
year = "2015",
note = "Thèse de doctorat dirigée par Simoëns, Serge et Ribault, Catherine Le Mécanique Ecully, Ecole centrale de Lyon 2015",
note = "2015ECDL0049",
url = "http://www.theses.fr/2015ECDL0049/document",
}
