@misc{Louapre,
  title = "comment-un-avion-vole-t-il",
  author = "David Louapre",
  howpublished ="\url{https://sciencetonnante.wordpress.com/2016/09/25/comment-un-avion-vole-t-il/}"
}

@misc{CouleurScience,
  title = "Couleur Science",
  howpublished ="\url{https://couleur-science.eu/?d=2016/09/15/22/46/21-comment-vole-un-avion-et-non-ce-nest-pas-juste-bernoulli}"
}

@misc{Goulu,
  author = "Goulu",
  howpublished ="\url{https://www.drgoulu.com/2012/03/11/portance-pourquoi-ca-vole/#.WcXzI8gjGM8}"
}


